<record><leader>00000cas a22000007a 4500</leader><controlfield tag="001">26569571</controlfield><controlfield tag="008">920910d19171925ncuwr ne      0    0eng d</controlfield><datafield ind1=" " ind2=" " tag="010"><subfield code="a">sn 92074082 </subfield></datafield><datafield ind1=" " ind2=" " tag="040"><subfield code="a">NVJ</subfield><subfield code="b">eng</subfield><subfield code="c">NVJ</subfield><subfield code="d">OCLCQ</subfield></datafield><datafield ind1=" " ind2=" " tag="042"><subfield code="a">msc</subfield></datafield><datafield ind1="0" ind2="4" tag="245"><subfield code="a">The Carolina mountaineer and Waynesville courier.</subfield></datafield><datafield ind1="1" ind2="3" tag="246"><subfield code="a">Mountaineer-courier</subfield></datafield><datafield ind1=" " ind2=" " tag="260"><subfield code="a">Waynesville, N.C. :</subfield><subfield code="b">Mountaineer-Courier Print. Co.</subfield></datafield><datafield ind1=" " ind2=" " tag="300"><subfield code="a">v.</subfield></datafield><datafield ind1=" " ind2=" " tag="310"><subfield code="a">Weekly,</subfield><subfield code="b">&lt;Feb. 5, 1925&gt;-Mar. 5, 1925</subfield></datafield><datafield ind1=" " ind2=" " tag="321"><subfield code="a">Weekly,</subfield><subfield code="b">&lt;Oct. 11, 1917&gt;-Apr. 26, 1923</subfield></datafield><datafield ind1=" " ind2=" " tag="321"><subfield code="a">Semiweekly,</subfield><subfield code="b">May 4, 1923-&lt;Dec. 8, 1924&gt;</subfield></datafield><datafield ind1="1" ind2=" " tag="362"><subfield code="a">Began in 1917.</subfield></datafield><datafield ind1="0" ind2=" " tag="362"><subfield code="a">-v. 9, no. 45 (Mar. 5, 1925).</subfield></datafield><datafield ind1=" " ind2=" " tag="515"><subfield code="a">Issues also carry old numbering of Waynesville courier: v. 30, no. 6-v. 36, no. 44.</subfield></datafield><datafield ind1=" " ind2=" " tag="588"><subfield code="a">Description based on: Vol. 3, no. 47 (Oct. 11th, 1917).</subfield></datafield><datafield ind1=" " ind2=" " tag="752"><subfield code="a">United States</subfield><subfield code="b">North Carolina</subfield><subfield code="c">Haywood</subfield><subfield code="d">Waynesville.</subfield></datafield><datafield ind1="0" ind2="4" tag="780"><subfield code="t">Carolina mountaineer (Waynesville, N.C.)</subfield></datafield><datafield ind1="0" ind2="4" tag="780"><subfield code="t">Waynesville courier</subfield><subfield code="w">(DLC)sn 91068770</subfield></datafield><datafield ind1="0" ind2="0" tag="785"><subfield code="t">Carolina mountaineer (Waynesville, N.C. : 1925)</subfield><subfield code="w">(DLC)sn 94058203</subfield></datafield></record>